<?xml version="1.0" encoding="UTF-8"?><collection xmlns="http://www.loc.gov/MARC21/slim"><record><leader>00509nam--2200169-i-4500</leader><controlfield tag="001">000014014</controlfield><controlfield tag="002">20161230</controlfield><controlfield tag="005">20170304140759</controlfield><controlfield tag="008">060222s1000------------r-----000-0-eng-d</controlfield><datafield ind1=" " ind2=" " tag="100"><subfield code="a">Dumitrascu, Liviu</subfield></datafield><datafield ind1=" " ind2=" " tag="245"><subfield code="a">Invatam fortran ... conversind cu calculatorul analiza-programare-depanare</subfield></datafield><datafield ind1=" " ind2=" " tag="260"><subfield code="a">Bucuresti</subfield><subfield code="b">Ed.Tehnica</subfield><subfield code="c">1981</subfield></datafield><datafield ind1=" " ind2=" " tag="300"><subfield code="a">256 p</subfield></datafield><datafield ind1=" " ind2=" " tag="490"><subfield code="a">Automatica-informatica-electronica-management, Seria Initiere</subfield></datafield><datafield ind1=" " ind2=" " tag="700"><subfield code="a">Patrut, Stan</subfield></datafield><datafield ind1=" " ind2=" " tag="852"><subfield code="a">519.682</subfield></datafield><datafield ind1=" " ind2=" " tag="CAT"><subfield code="a">SYS</subfield><subfield code="c">20170304</subfield><subfield code="h">140759</subfield></datafield></record></collection>